@book{gauss,
	author = "Carl Gauss",
	title = "Disquisitiones Arithmeticae",
	editor = "",
	publisher = ""
}
@book{hardy2008,
  author    = {Hardy, G. H. and Wright, E. M.},
  title     = {An Introduction to the Theory of Numbers},
  edition   = {6th},
  year      = {2008},
  publisher = {Oxford University Press},
  note      = {Revised by D. R. Heath-Brown and J. H. Silverman. Foreword by Andrew Wiles. Originally published in 1938},
  isbn      = {978-0-19-921986-5},
  mrnumber  = {2445243},
  zbl       = {1159.11001}
}
